/home/joshua/share/jpritikin.bib