@comment{This file has been generated by Pybliographer}


@Article{AFA53,
  Author         = {Ax, A. F.},
  Title          = {The physiological differentiation between fear and
                   anger in humans},
  Journal        = {Psychosomatic Medicine},
  Volume         = {5},
  Pages          = {433-442},
  year           = 1953
}

@Article{ainsworth1969,
  Author         = {Ainsworth, M. D. S. and Wittig, B. A. and others},
  Title          = {Attachment and exploratory behavior of one-year-olds
                   in a strange situation},
  Journal        = {Determinants of infant behavior},
  Volume         = {4},
  Number         = {1},
  Pages          = {113--136},
  publisher      = {Methuen London},
  year           = 1969
}

@Article{ainsworth1978,
  Author         = {Ainsworth, M. D. S. and Blehar, M. C. and Waters, E.
                   and Wall, S.},
  Title          = {Patterns of attachment: A psychological study of the
                   strange situation},
  Journal        = {Hillsdale, NJ},
  year           = 1978
}

@Article{appelhans2006,
  Author         = {Appelhans, B. M. and Luecken, L. J.},
  Title          = {Heart rate variability as an index of regulated
                   emotional responding.},
  Journal        = {Review of general psychology},
  Volume         = {10},
  Number         = {3},
  Pages          = {229},
  publisher      = {Educational Publishing Foundation},
  year           = 2006
}

@InProceedings{Ayl06,
  Author         = {Aylett, R. S.},
  Title          = {Emotion as an integrative process between non-symbolic
                   and symbolic systems in intelligent agents},
  BookTitle      = {A{ISB} workshop: {GC}5: {A}rchitecture of {B}rain and
                   {M}ind: {I}ntegrating high level cognitive processes
                   with brain mechanisms and functions in a working robot},
  year           = 2006
}

@Article{baer2003,
  Author         = {Baer, R. A.},
  Title          = {Mindfulness training as a clinical intervention: A
                   conceptual and empirical review},
  Journal        = {Clinical psychology: Science and practice},
  Volume         = {10},
  Number         = {2},
  Pages          = {125--143},
  publisher      = {Wiley Online Library},
  year           = 2003
}

@InBook{baer2011,
  Author         = {Baer, R. A. and Lykins, E. L. B.},
  Editor         = {Sheldon, K. M. and Kashdan, T. B. and Kashdan, T. and
                   Steger, M. F.},
  Title          = {Mindfulness and Positive Psychological Functioning},
  Pages          = {335--348},
  Publisher      = {Oxford University Press},
  booktitle      = {Designing positive psychology: {T}aking stock and
                   moving forward},
  year           = 2011
}

@Article{Bar06,
  Author         = {Barrett, L. F.},
  Title          = {Valence is a basic building block of emotional life},
  Journal        = {Journal of Research in Personality},
  Volume         = {40},
  Pages          = {35-55},
  year           = 2006
}

@Book{Bat91,
  Author         = {Batson, C. D.},
  Title          = {The altruism question: {T}oward a social-psychological
                   answer},
  Publisher      = {Lawrence Erlbaum Assoc Inc},
  year           = 1991
}

@Article{benassi1993,
  Author         = {Benassi, V. A. and Mahler, H. I. and Asdigian, N. L.},
  Title          = {The mindfulness of ostensibly thoughtless action.},
  Journal        = {Journal of Social Behavior \& Personality},
  Volume         = {8},
  Number         = {6},
  Pages          = {67--82},
  publisher      = {Select Press},
  year           = 1993
}

@Article{benson1974,
  Author         = {Benson, H. and Beary, J. F. and Carol, M. P.},
  Title          = {The relaxation response.},
  Journal        = {Psychiatry: Journal for the Study of Interpersonal
                   Processes},
  publisher      = {Guilford Publications},
  year           = 1974
}

@InBook{bentall2004,
  Author         = {Bentall, R. P},
  Editor         = {Bentall, R. P.},
  Title          = {Them and us: {M}odern psychiatry as a cultural system},
  Pages          = {118--145},
  Address        = {London},
  booktitle      = {Madness explained: Psychosis and human nature},
  year           = 2004
}

@Article{berntson1991,
  Author         = {Berntson, G. G. and Cacioppo, J. T. and Quigley, K. S.},
  Title          = {Autonomic determinism: The modes of autonomic control,
                   the doctrine of autonomic space, and the laws of
                   autonomic constraint.},
  Journal        = {Psychological Review},
  Volume         = {98},
  Number         = {4},
  Pages          = {459},
  publisher      = {American Psychological Association},
  year           = 1991
}

@Article{berntson1997,
  Author         = {Berntson, G. G. and Bigger, J. T. and Eckberg, D. L.
                   and Grossman, P. and Kaufmann, P. G. and Malik, M. and
                   Nagaraja, H. N. and Porges, S. W. and Saul, J. P. and
                   Stone, P. H. and Van Der Molen, M. W.},
  Title          = {Heart rate variability: {O}rigins, methods, and
                   interpretive caveats},
  Journal        = {Psychophysiology},
  Volume         = {34},
  Number         = {6},
  Pages          = {623--648},
  publisher      = {Wiley Online Library},
  year           = 1997
}

@Article{birrell2006,
  Author         = {Birrell, P. J.},
  Title          = {{An ethic of possibility: Relationship, risk, and
                   presence}},
  Journal        = {Ethics \& Behavior},
  Volume         = {16},
  Number         = {2},
  Pages          = {95--115},
  year           = 2006
}

@Article{bond2009,
  Author         = {Bond, K. and Ospina, M.B. and Hooton, N. and Bialy, L.
                   and Dryden, D.M. and Buscemi, N. and Shannahoff-Khalsa,
                   D. and Dusek, J. and Carlson, L.E.},
  Title          = {Defining a complex intervention: {T}he development of
                   demarcation criteria for ``meditation''},
  Journal        = {Psychology of Religion and Spirituality},
  Volume         = {1},
  Number         = {2},
  Pages          = {129--137},
  publisher      = {Educational Publishing Foundation},
  year           = 2009
}

@Book{carrington1977,
  Author         = {Carrington, P.},
  Title          = {Freedom in meditation},
  Publisher      = {Anchor Press/Doubleday},
  year           = 1977
}

@TechReport{carrington1978,
  Author         = {Carrington, P.},
  Title          = {Clinically standardized meditation instructors kit},
  Institution    = {Pace Educational Systems},
  Address        = {Kendall Park, NJ},
  year           = 1978
}

@Unpublished{cdc2009,
  Author         = {{Centers for Disease Control and Prevention}},
  Title          = {Meditation and {H}ealth},
  howpublished   = {Retrieved March 2, 2012, from
                   http://www.cdc.gov/features/Meditation/},
  month          = sep,
  year           = 2009
}

@InBook{csikszentmihalyi1988,
  Author         = {Csikszentmihalyi, M.},
  Editor         = {Csikszentmihalyi, M. and Csikszentmihalyi, I. S.},
  Title          = {The flow experience and its significance for human
                   psychology},
  Pages          = {15--35},
  Publisher      = {Cambridge University Press},
  booktitle      = {Optimal experience: {P}sychological studies of flow in
                   consciousness},
  year           = 1988
}

@Book{csikszentmihalyi1991,
  Author         = {Csikszentmihalyi, M.},
  Title          = {Flow: The psychology of optimal experience},
  Publisher      = {Harper Perennial},
  year           = 1991
}

@Book{damasio1995,
  Author         = {Damasio, A. R.},
  Title          = {Descartes' error: {E}motion, reason, and the human
                   brain},
  Publisher      = {Putnam New York},
  year           = 1995
}

@Article{davies2004,
  Title          = {Special {I}ssue: {F}amily systems and developmental
                   psychopathology},
  Journal        = {Development and Psychopathology},
  Volume         = {16},
  Number         = {3},
  Pages          = {477--481},
  editor         = {Davies, P. T. and Cicchetti, D.},
  year           = 2004
}

@Book{Dye83,
  Author         = {Dyer, M. G.},
  Title          = {In-depth understanding: {A} Computer Model of
                   Integrated Processing for Narrative Comprehension},
  Publisher      = {MIT Press},
  Address        = {Cambridge, MA},
  year           = 1983
}

@TechReport{Ell92,
  Author         = {Elliott, C.},
  Title          = {The affective reasoner: {A} process model of emotions
                   in a multi-agent system},
  Institution    = {Northwestern University},
  Type           = {The Institute for the Learning Sciences},
  Number         = {32},
  year           = 1992
}

@Manual{erm2011,
  Title          = {Erm: {E}xtended rasch modeling.},
  Author         = {Patrick Mair and Reinhold Hatzinger and Marco Maier},
  Note           = {R package version 0.14-0},
  url            = {http://CRAN.R-project.org/package=eRm},
  year           = 2011
}

@Book{fetzer1999,
  Author         = {{Fetzer Institute/National Institute on Aging
                   Workgroup}},
  Title          = {Multidimensional measurement of
                   religiousness/spirituality for use in health research},
  Publisher      = {Fetzer Institute},
  Address        = {Kalamazoo, MI},
  journal        = {Fetzer Institute Publication: Kalamazoo, MI},
  year           = 1999
}

@Article{FH94,
  Author         = {Frith, Uta and Happ\'e, F.},
  Title          = {Autism: {B}eyond ``theory of mind''},
  Journal        = {Cognition},
  Volume         = {50},
  Pages          = {115-132},
  year           = 1994
}

@Book{Fie04,
  Author         = {Fields, R. M.},
  Title          = {Martyrdom: {T}he psychology, theology, and politics of
                   self-sacrifice},
  Publisher      = {Praeger},
  Address        = {Westport, Connecticut},
  year           = 2004
}

@Article{Fou00,
  Author         = {Fouts, R. S.},
  Title          = {My best friend is a chimp},
  Journal        = {Psychology Today},
  Volume         = {32},
  Number         = {4},
  Pages          = {68-73},
  year           = 2000
}

@Book{Fri89,
  Author         = {Frith, U.},
  Title          = {Autism: {E}xplaining the enigma},
  Publisher      = {Blackwell},
  year           = 1989
}

@InBook{gallo2007,
  Author         = {Gallo, L. C. and Luecken, L. J.},
  Editor         = {Luecken, L. J. and Gallo, L. C.},
  Title          = {Handbook of physiological research methods in health
                   psychology},
  Chapter        = {Physiological research methods in health psychology:
                   Applications of the biopsychosocial model},
  Pages          = {3--9},
  Publisher      = {Sage Publications, Inc},
  Address        = {Thousand Oaks, CA},
  year           = 2007
}

@Book{gordon1971,
  Author         = {Gordon, E.},
  Title          = {{The psychology of music teaching}},
  Publisher      = {Prentice Hall},
  year           = 1971
}

@Article{gratch2005,
  Author         = {Gratch, J. and Marsella, S.},
  Title          = {{Lessons from emotion psychology for the design of
                   lifelike characters}},
  Journal        = {Applied Artificial Intelligence},
  Volume         = {19},
  Number         = {3-4},
  Pages          = {215--234},
  publisher      = {Washington, DC: Hemisphere Pub. Co.},
  year           = 2005
}

@Article{harrison2004,
  Author         = {Harrison, L. J. and Manocha, R. and Rubia, K.},
  Title          = {Sahaja yoga meditation as a family treatment programme
                   for children with attention deficit-hyperactivity
                   disorder},
  Journal        = {Clinical Child Psychology and Psychiatry},
  Volume         = {9},
  Number         = {4},
  Pages          = {479--497},
  publisher      = {Sage Publications},
  year           = 2004
}

@Article{henry2004,
  Author         = {Henry, J.},
  Title          = {A comparison of strategies for achieving well-being in
                   non-clinical populations},
  Journal        = {Ricerche di Psychologia},
  Volume         = {27},
  Number         = {1},
  Pages          = {135--158},
  year           = 2004
}

@Article{hill2008,
  Author         = {Hill-Soderlund, A. L. and Mills-Koonce, W. R. and
                   Propper, C. and Calkins, S. D. and Granger, D. A. and
                   Moore, G. A. and Gariepy, J. L. and Cox, M. J.},
  Title          = {Parasympathetic and sympathetic responses to the
                   strange situation in infants and mothers from avoidant
                   and securely attached dyads},
  Journal        = {Developmental psychobiology},
  Volume         = {50},
  Number         = {4},
  Pages          = {361--376},
  publisher      = {Wiley Online Library},
  year           = 2008
}

@Article{holmes1984,
  Author         = {Holmes, D.S.},
  Title          = {Meditation and somatic arousal reduction: A review of
                   the experimental evidence.},
  Journal        = {American Psychologist},
  Volume         = {39},
  Number         = {1},
  Pages          = {1},
  publisher      = {American Psychological Association},
  year           = 1984
}

@InCollection{Hut05,
  Author         = {Hutto, D. D.},
  Title          = {Starting without theory: {C}onfronting the paradox of
                   conceptual development},
  BookTitle      = {Other minds: {H}ow humans bridge the divide between
                   self and others},
  Publisher      = {The Guilford Press},
  Editor         = {Malle, B. F. and Hudges, S. D.},
  Pages          = {56--72},
  year           = 2005
}

@Article{IJR96,
  Author         = {Roseman, I. J. and Antoniou, A. A. and Jose, P. E.},
  Title          = {Appraisal determinants of emotions: {C}onstructing a
                   more accurate and comprehensive theory},
  Journal        = {Cognition and Emotion},
  Volume         = {10},
  Pages          = {241-277},
  year           = 1996
}

@Book{JdR77,
  Author         = {de Revira, J.},
  Title          = {A structural theory of the emotions},
  Publisher      = {International Universities Press},
  Address        = {New York},
  year           = 1977
}

@Article{JGaSM04,
  Author         = {Gratch, J. and Marsella, S.},
  Title          = {A Domain-independent framework for modeling emotion},
  Journal        = {Journal of Cognitive Systems Research},
  Volume         = {5},
  Pages          = {269-306},
  year           = 2004
}

@InProceedings{jovanov2008,
  Author         = {Jovanov, E.},
  Title          = {Real-time monitoring of spontaneous resonance in heart
                   rate variability},
  BookTitle      = {Engineering in {M}edicine and {B}iology {S}ociety:
                   30th {A}nnual {I}nternational {C}onference of the
                   {IEEE}},
  Pages          = {2789--2792},
  Organization   = {IEEE},
  year           = 2008
}

@Book{kalat2007,
  Author         = {Kalat, J. W. and Shiota, M. N.},
  Title          = {{Emotion}},
  Publisher      = {Thomson Wadsworth},
  year           = 2007
}

@Book{Kla97,
  Author         = {Klandermans, B.},
  Title          = {The social psychology of protest},
  Publisher      = {Blackwell Publishers Inc.},
  Address        = {Cambridge, Massachusetts},
  year           = 1997
}

@Book{krishnamurti1975,
  Author         = {Krishnamurti, J.},
  Editor         = {Lutyens, M.},
  Title          = {Freedom from the Known},
  Publisher      = {Harper},
  year           = 1975
}

@Article{Lag05,
  Author         = {Lagattuta, K. H.},
  Title          = {When You Shouldn't Do What You Want to Do: {Y}oung
                   Children's Understanding of Desires, Rules, and
                   Emotions},
  Journal        = {Child Development},
  Volume         = {76},
  Pages          = {713-733},
  year           = 2005
}

@PhdThesis{lau2004,
  Author         = {Lau, M. Y. K.},
  Title          = {The PSI phenomena: A Bayesian approach to the Ganzfeld
                   procedure},
  School         = {Graduate School University of Notre Dame},
  year           = 2004
}

@Article{launer2003,
  Author         = {Launer, J.},
  Title          = {Folk illness and medical models},
  Journal        = {QJM},
  Volume         = {96},
  Number         = {11},
  Pages          = {875},
  publisher      = {Oxford Univ Press},
  year           = 2003
}

@Book{lazarus1991eaa,
  Author         = {Lazarus, R. S.},
  Title          = {{Emotion and adaptation}},
  Publisher      = {Oxford University Press},
  year           = 1991
}

@Article{Leh81,
  Author         = {Lehnert, Wendy G.},
  Title          = {Plot Units and Narrative Summarization},
  Journal        = {Cognitive Science: A Multidisciplinary Journal},
  Volume         = {5},
  Number         = {4},
  Pages          = {293-331},
  year           = 1981
}

@Article{lehnert1981pua,
  Author         = {Lehnert, W. G.},
  Title          = {{Plot units and narrative summarization}},
  Journal        = {Cognitive Science},
  Volume         = {5},
  Number         = {4},
  Pages          = {293--331},
  year           = 1981
}

@InBook{levenson2003,
  Author         = {Levenson, R .W.},
  Editor         = {Ekman, P. and Campus, J. J. and Davidson, R. J. and
                   {de Waal F. B. M.}},
  Title          = {Emotions inside out},
  Chapter        = {Blood, sweat, and fears: The autonomic architecture of
                   emotion.},
  Publisher      = {The New York Academy of Sciences},
  Address        = {New York},
  year           = 2004
}

@Article{LIA01,
  Author         = {Aftanas, L. I. and Golocheikine, S. A.},
  Title          = {Human anterior and frontal midline theta and lower
                   alpha reflect emotionally positive state and
                   internalized attention: {H}igh-resolution {EEG}
                   investigation of meditation},
  Journal        = {Neuroscience Letters},
  Volume         = {310},
  Pages          = {57--60},
  year           = 2001
}

@Article{lorber2005,
  Author         = {Lorber, M. F. and O'Leary, S. G.},
  Title          = {Mediated paths to overreactive discipline: Mothers'
                   experienced emotion, appraisals, and physiological
                   responses.},
  Journal        = {Journal of Consulting and Clinical Psychology},
  Volume         = {73},
  Number         = {5},
  Pages          = {972--981},
  publisher      = {American Psychological Association},
  year           = 2005
}

@Book{luecken2007,
  Author         = {Luecken, L. J. and Gallo, L. C.},
  Title          = {Handbook of physiological research methods in health
                   psychology},
  Publisher      = {Sage Publications, Inc},
  Address        = {Thousand Oaks, CA},
  year           = 2007
}

@InCollection{LWM04,
  Author         = {Lebbink, H. and Witteman, C. and Meyer, J.},
  Title          = {A dialogue game to offer an agreement to disagree},
  BookTitle      = {N{EED} {FULL} {CITATION}},
  year           = 2004
}

@Article{malliani1991,
  Author         = {Malliani, A. and Pagani, M. and Lombardi, F. and
                   Cerutti, S.},
  Title          = {Cardiovascular neural regulation explored in the
                   frequency domain},
  Journal        = {Circulation},
  Volume         = {84},
  Number         = {2},
  Pages          = {482},
  publisher      = {Am Heart Assoc},
  year           = 1991
}

@Article{manocha2000,
  Author         = {Manocha, R.},
  Title          = {Why meditation?},
  Journal        = {Australian Family Physician},
  Volume         = {29},
  Number         = {12},
  Pages          = {1135--1138},
  publisher      = {ROYAL AUSTRALIAN COLLEGE OF GENERAL},
  year           = 2000
}

@Article{manocha2002,
  Author         = {Manocha, R. and Marks, GB and Kenchington, P. and
                   Peters, D. and Salome, CM},
  Title          = {Sahaja yoga in the management of moderate to severe
                   asthma: a randomised controlled trial},
  Journal        = {Thorax},
  Volume         = {57},
  Number         = {2},
  Pages          = {110},
  publisher      = {BMJ Publishing Group Ltd and British Thoracic Society},
  year           = 2002
}

@Article{manocha2007,
  Author         = {Manocha, R. and Semmar, B. and Black, D.},
  Title          = {A pilot study of a mental silence form of meditation
                   for women in perimenopause},
  Journal        = {Journal of Clinical Psychology in Medical Settings},
  Volume         = {14},
  Number         = {3},
  Pages          = {266--273},
  publisher      = {Springer},
  year           = 2007
}

@PhdThesis{manocha2009,
  Author         = {Manocha, R.},
  Title          = {Scientific {E}valuation of {M}ental {S}ilence},
  School         = {University of New South Wales},
  Address        = {Australia},
  year           = 2009
}

@Article{manocha2010,
  Author         = {Manocha, R. and Black, D. and Spiro, D. and Ryan, J.
                   and Stough, C.},
  Title          = {Changing definitions of meditation-{I}s there a
                   physiological corollary? {S}kin temperature changes of
                   a mental silence orientated form of meditation compared
                   to rest},
  Journal        = {Journal of International Society of Life Information
                   Science},
  Volume         = {28},
  Number         = {1},
  Pages          = {23--30},
  year           = 2010
}

@Article{manocha2011,
  Author         = {Manocha, R. and Black, D. and Sarris, J. and Stough,
                   C. and others},
  Title          = {A Randomized, Controlled Trial of Meditation for Work
                   Stress, Anxiety and Depressed Mood in Full-Time Workers},
  Journal        = {Evidence-Based Complementary and Alternative Medicine},
  Volume         = {2011},
  publisher      = {Hindawi Publishing Corporation},
  year           = 2011
}

@Article{martorell2006,
  Author         = {Martorell, G. A. and Bugental, D. B.},
  Title          = {Maternal variations in stress reactivity: Implications
                   for harsh parenting practices with very young children.},
  Journal        = {Journal of family psychology},
  Volume         = {20},
  Number         = {4},
  Pages          = {641},
  publisher      = {American Psychological Association},
  year           = 2006
}

@Book{mascaro1965,
  Author         = {Anonymous and Mascar\'o, J.},
  Title          = {The {U}panishads},
  Publisher      = {Penguin Classics},
  year           = 1965
}

@Book{mascaro1973,
  Author         = {Anonymous and Mascar\'o, J.},
  Title          = {The {D}hammapada: {T}he path of perfection},
  Publisher      = {Penguin Classics},
  year           = 1973
}

@Book{mascaro2002,
  Author         = {Anonymous and Mascar\'o, J. and Brodbeck, S.},
  Title          = {The {B}hagavad {G}ita},
  Publisher      = {Penguin Classics},
  year           = 2002
}

@Book{NF87,
  Author         = {Frijda, N.},
  Title          = {The emotions.},
  Publisher      = {Cambridge University Press},
  Address        = {New York},
  year           = 1987
}

@Book{occ88,
  Author         = {Ortony, A. and Clore, G. and Collins, A.},
  Title          = {The Cognitive Structure of Emotions},
  Publisher      = {Cambridge University Press},
  year           = 1988
}

@InCollection{Ort03,
  Author         = {Ortony, A.},
  Title          = {On making believable emotional agents believable},
  BookTitle      = {Emotions in humans and artifacts},
  Publisher      = {MIT Press},
  Editor         = {Trappl, R. and Petta, P. and Payr, S.},
  Pages          = {189-211},
  Address        = {Cambridge, MA},
  year           = 2003
}

@Article{Ort87,
  Author         = {Ortony, A. and Clore, G. and Foss, M. A.},
  Title          = {The referential structure of the affective lexicon},
  Journal        = {Cognitive Science},
  Volume         = {11},
  Pages          = {341-364},
  year           = 1987
}

@Article{osgood1970,
  Author         = {Osgood, C. E.},
  Title          = {{Speculation on the structure of interpersonal
                   intentions}},
  Journal        = {Behavioral Science},
  Volume         = {15},
  Number         = {3},
  Pages          = {237-254},
  year           = 1970
}

@TechReport{ospina2007,
  Author         = {Ospina, M. B. and Bond, T. K. and Karkhaneh, M. and
                   Tjosvold, L. and Vandermeer, B. and Liang, Y. and
                   Bialy, L. and Hooton, N. and Buscemi, N. and Dryden, D.
                   M. and Klassen, T. P.},
  Title          = {Meditation practices for health: {S}tate of the
                   research.},
  Institution    = {Agency for Healthcare Research and Quality},
  Type           = {Evidence Report/Technology Assessment},
  Number         = {155},
  Address        = {Rockville, MD},
  month          = jun,
  year           = 2007
}

@Article{palomba2000,
  Author         = {Palomba, D. and Sarlo, M. and Angrilli, A. and Mini,
                   A. and Stegagno, L.},
  Title          = {Cardiac responses associated with affective processing
                   of unpleasant film stimuli},
  Journal        = {International Journal of Psychophysiology},
  Volume         = {36},
  Number         = {1},
  Pages          = {45--57},
  publisher      = {Elsevier},
  year           = 2000
}

@Article{panjwani2000,
  Author         = {Panjwani, U. and Selvamurthy, W. and Singh, S. H. and
                   Gupta, H. L. and Mukhopadhyay, S. and Thakur, L.},
  Title          = {Effect of Sahaja yoga meditation on auditory evoked
                   potentials (AEP) and visual contrast sensitivity (VCS)
                   in epileptics},
  Journal        = {Applied psychophysiology and biofeedback},
  Volume         = {25},
  Number         = {1},
  Pages          = {1--12},
  publisher      = {Springer},
  year           = 2000
}

@Book{pargament1997,
  Author         = {Pargament, K. I.},
  Title          = {The psychology of religion and coping: {T}heory,
                   research, practice},
  Publisher      = {The Guilford Press},
  year           = 1997
}

@Book{PE82,
  Editor         = {Ekman, Paul},
  Title          = {Emotion in the human face.},
  Publisher      = {Cambridge University Press},
  Address        = {New York},
  year           = 1982
}

@Book{peterson2004,
  Author         = {Peterson, C. and Seligman, M. E. P.},
  Title          = {Character strengths and virtues: A handbook and
                   classification},
  Publisher      = {Oxford University Press},
  year           = 2004
}

@Article{pomeranz1985,
  Author         = {Pomeranz, B. and Macaulay, RJ and Caudill, M.A. and
                   Kutz, I. and Adam, D. and Gordon, D. and Kilborn, K.M.
                   and Barger, A.C. and Shannon, D.C. and Cohen, R.J. and
                   others},
  Title          = {Assessment of autonomic function in humans by heart
                   rate spectral analysis},
  Journal        = {American Journal of Physiology-Heart and Circulatory
                   Physiology},
  Volume         = {248},
  Number         = {1},
  Pages          = {H151},
  publisher      = {Am Physiological Soc},
  year           = 1985
}

@Article{ponticelli2011,
  Author         = {Ponticelli, J. and Voth, H.J.},
  Title          = {Austerity and Anarchy: Budget Cuts and Social Unrest
                   in Europe, 1919-2009},
  year           = 2011
}

@Article{porges2007,
  Author         = {Porges, S. W.},
  Title          = {The polyvagal perspective},
  Journal        = {Biological Psychology},
  Volume         = {74},
  Number         = {2},
  Pages          = {116--143},
  publisher      = {Elsevier},
  year           = 2007
}

@InBook{Pov01,
  Author         = {Povinelli, D. J.},
  Editor         = {Malle, B. and Baldwin, D. and Moses, L.},
  Title          = {Intentions and Intentionality: {F}oundations of Social
                   Cognition},
  Chapter        = {On the possibilities of detecting intentions prior to
                   understanding them},
  Publisher      = {MIT Press},
  Address        = {Cambridge, MA},
  year           = 2001
}

@InCollection{Pri07,
  Author         = {Pritikin, J. N.},
  Title          = {We ought to characterize dyadic prospects},
  BookTitle      = {International {C}onference on {A}ffective {C}omputing
                   and {I}ntelligent {I}nteraction: {D}octoral
                   {C}onsortium},
  Address        = {Lisbon, Portugal},
  year           = 2007
}

@Article{pumprla2002,
  Author         = {Pumprla, J. and Howorka, K. and Groves, D. and
                   Chester, M. and Nolan, J.},
  Title          = {Functional assessment of heart rate variability:
                   physiological basis and practical applications},
  Journal        = {International Journal of cardiology},
  Volume         = {84},
  Number         = {1},
  Pages          = {1--14},
  publisher      = {Elsevier},
  year           = 2002
}

@Article{quigley2006,
  Author         = {Quigley, K. S. and Stifter, C. A.},
  Title          = {A comparative validation of sympathetic reactivity in
                   children and adults},
  Journal        = {Psychophysiology},
  Volume         = {43},
  Number         = {4},
  Pages          = {357--365},
  publisher      = {Wiley Online Library},
  year           = 2006
}

@Article{raiche2005,
  Author         = {Ra{\^\i}che, G.},
  Title          = {Critical eigenvalue sizes in standardized residual
                   principal components analysis},
  Journal        = {Rasch Measurement Transactions},
  Volume         = {19},
  Number         = {1},
  Pages          = {1012},
  year           = 2005
}

@Book{reeve2009,
  Author         = {Reeve, J.},
  Title          = {{Understanding motivation and emotion}},
  Publisher      = {John Wiley \& Sons, Inc.},
  year           = 2009
}

@Article{Rus03,
  Author         = {Russell, J. A.},
  Title          = {Core affect and the psychological construction of
                   emotion},
  Journal        = {Psychological Review},
  Volume         = {110},
  Pages          = {145-172},
  year           = 2003
}

@InBook{Sch94,
  Author         = {Scherer, K. R.},
  Editor         = {Ekman, P. and Davidson, R. J.},
  Title          = {The nature of emotion: {F}undamental questions},
  Chapter        = {Emotion serves to decouple stimulus and response},
  Pages          = {127-130},
  Publisher      = {Oxford University Press},
  Address        = {New York/Oxford},
  year           = 1994
}

@Book{Sea83,
  Author         = {Searle, John R.},
  Title          = {Intentionality: {A}n essay in the philosophy of mind},
  Publisher      = {Cambridge University Press},
  year           = 1983
}

@InBook{seligman2006,
  Author         = {Seligman, M. E. P.},
  Editor         = {Csikszentmihalyi, M. and Csikszentmihalyi, I.S.},
  Title          = {Afterwood: Breaking the 65 percent barrier},
  Pages          = {230--236},
  Publisher      = {Oxford University Press, USA},
  booktitle      = {A life worth living: Contributions to positive
                   psychology},
  year           = 2006
}

@InBook{shapiro2009,
  Author         = {Shapiro, S. L.},
  Editor         = {Snyder, C. R. and Lopez, S. J.},
  Title          = {Meditation and positive psychology},
  Pages          = {601--610},
  Publisher      = {Oxford University Press},
  Edition        = {2nd},
  booktitle      = {Oxford handbook of positive psychology},
  year           = 2009
}

@Book{sheldon2011,
  Editor         = {Sheldon, K. M. and Kashdan, T. B. and Kashdan, T. and
                   Steger, M. F.},
  Title          = {Designing positive psychology: {T}aking stock and
                   moving forward},
  Publisher      = {Oxford University Press},
  year           = 2011
}

@InCollection{SL90,
  Author         = {Smith, C. A. and Lazarus, R.},
  Title          = {Emotion and adaptation},
  BookTitle      = {Handbook of personality: {T}heory \& research},
  Publisher      = {Guilford Press},
  Editor         = {Pervin},
  Pages          = {609-637},
  Address        = {New York},
  year           = 1990
}

@Book{snyder2009,
  Editor         = {Snyder, C. R. and Lopez, S. J.},
  Title          = {Oxford handbook of positive psychology},
  Publisher      = {Oxford University Press},
  Edition        = {2nd},
  year           = 2009
}

@InBook{Spe03,
  Author         = {Spelke, E. S.},
  Editor         = {Gentner, D. and Goldin-Meadow, S.},
  Title          = {Language in mind: {A}dvances in the study of language
                   and thought},
  Chapter        = {What makes humans smart?},
  Publisher      = {MIT Press},
  Address        = {Cambridge, MA},
  year           = 2003
}

@Unpublished{SSR+,
  Author         = {Sturge-Apple, M. L. and Skibo, M. A. and Raines, K. E.
                   and Rogosch, F. A.},
  Title          = {Parenting in process: {S}ocio-contextual influences on
                   maternal physiological reactivity to toddler emotional
                   distress and maternal caregiving behaviors}
}

@Article{ST00,
  Author         = {Scholl, B. J. and Tremoulet, P.},
  Title          = {Perceptual causality and animacy},
  Journal        = {Trends in Cognitive Sciences},
  Volume         = {4},
  Number         = {8},
  Pages          = {299-309},
  year           = 2000
}

@Article{sturge2009,
  Author         = {Sturge-Apple, M. L. and Davies, P. T. and Cicchetti,
                   D. and Cummings, E. M.},
  Title          = {The role of mothers' and fathers' adrenocortical
                   reactivity in spillover between interparental conflict
                   and parenting practices.},
  Journal        = {Journal of Family Psychology},
  Volume         = {23},
  Number         = {2},
  Pages          = {215},
  publisher      = {American Psychological Association},
  year           = 2009
}

@Article{TCC+05,
  Author         = {Tomasello, M. and Carpenter, M. and Call, J. and
                   Behne, T. and Moll, H.},
  Title          = {Understanding and sharing intentions: {T}he origins of
                   cultural cognition},
  Journal        = {Behavioral and Brain Sciences},
  Volume         = {28},
  Pages          = {675-691},
  year           = 2005
}

@Article{TCH03,
  Author         = {Tomasello, M. and Call, J. and Hare, B.},
  Title          = {Chimpanzees understand psychological states: {T}he
                   question is which ones and to what extent},
  Journal        = {Trends in Cognitive Science},
  Pages          = {153-156},
  year           = 2003
}

@Article{Tom04,
  Author         = {Tomasello, M.},
  Title          = {What kind of evidence could refute the {UG}
                   hypothesis?},
  Journal        = {Studies in Language},
  Volume         = {28},
  Pages          = {642-644},
  year           = 2004
}

@Book{Tom99,
  Author         = {Tomasello, M.},
  Title          = {The Cultural Origins of Human Cognition},
  Publisher      = {Harvard University Press},
  year           = 1999
}

@Book{tomasello2003,
  Author         = {Tomasello, M.},
  Title          = {{Constructing a language: A usage-based theory of
                   language acquisition}},
  Publisher      = {Harvard University Press},
  year           = 2003
}

@InCollection{wegner2003,
  Author         = {Wegner, D. M.},
  Title          = {Thought suppression and mental control},
  BookTitle      = {Encyclopedia of {C}ognitive {S}cience},
  Publisher      = {Macmillan},
  Pages          = {395--397},
  Address        = {London},
  year           = 2003
}

@Article{WL04,
  Author         = {Wellman, H. M. and Liu, D.},
  Title          = {Scaling of theory-of-mind tasks},
  Journal        = {Child Development},
  Volume         = {75},
  Pages          = {523-541},
  year           = 2004
}

@PhdThesis{Woo92,
  Author         = {Wooldridge, M.},
  Title          = {The Logical Modelling of Computational {M}ulti-{A}gent
                   {S}ystems},
  School         = {UMIST},
  Address        = {Manchester},
  month          = oct,
  year           = 1992
}

